%%%%%%%%%%%%%%%%%%%%%%%%%%%%%%%%%%%%%%%%%%%%%%%%%%%%%%
% BASICS %
%%%%%%%%%%%%%%%%%%%%%%%%%%%%%%%%%%%%%%%%%%%%%%%%%%%%%%

@inproceedings{Szegedy13,
	author = {Christian Szegedy and Wojciech Zaremba and Ilya Sutskever and Joan Bruna and Dumitru Erhan and Ian Goodfellow and Rob Fergus},
	title = {Intriguing properties of neural networks},
	booktitle = {International Conference on Learning Representations (ICLR)},
	year = {2014}
}

%%% Introduces FGSM, Adversarial training %%%
@article{goodfellow2014explaining,
	title={Explaining and harnessing adversarial examples},
	author={Goodfellow, Ian J and Shlens, Jonathon and Szegedy, Christian},
	journal={arXiv preprint arXiv:1412.6572},
	year={2014}
}

%%% Introduces PGD %%%
@article{madry2017towards,
	title={Towards deep learning models resistant to adversarial attacks},
	author={Madry, Aleksander and Makelov, Aleksandar and Schmidt, Ludwig and Tsipras, Dimitris and Vladu, Adrian},
	journal={arXiv preprint arXiv:1706.06083},
	year={2017}
}

@article{rauber2017foolbox,
	title={Foolbox: A python toolbox to benchmark the robustness of machine learning models},
	author={Rauber, Jonas and Brendel, Wieland and Bethge, Matthias},
	journal={arXiv preprint arXiv:1707.04131},
	year={2017}
}

%%% Large scale adversarial training %%%
@article{kurakin2016adversarial,
	title={Adversarial machine learning at scale},
	author={Kurakin, Alexey and Goodfellow, Ian and Bengio, Samy},
	journal={arXiv preprint arXiv:1611.01236},
	year={2016}
}

@article{papernot2016transferability,
	title={Transferability in machine learning: from phenomena to black-box attacks using adversarial samples},
	author={Papernot, Nicolas and McDaniel, Patrick and Goodfellow, Ian},
	journal={arXiv preprint arXiv:1605.07277},
	year={2016}
}


@inproceedings{papernot2018marauder,
	title={A Marauder's Map of Security and Privacy in Machine Learning: An overview of current and future research directions for making machine learning secure and private},
	author={Papernot, Nicolas},
	booktitle={Proceedings of the 11th ACM Workshop on Artificial Intelligence and Security},
	pages={1--1},
	year={2018},
	organization={ACM}
}

@article{shamir2019simple,
	title={A simple explanation for the existence of adversarial examples with small hamming distance},
	author={Shamir, Adi and Safran, Itay and Ronen, Eyal and Dunkelman, Orr},
	journal={arXiv preprint arXiv:1901.10861},
	year={2019}
}

@inproceedings{gilmer2019adversarial,
	title={Adversarial Examples Are a Natural Consequence of Test Error in Noise},
	author={Gilmer, Justin and Ford, Nicolas and Carlini, Nicholas and Cubuk, Ekin},
	booktitle={International Conference on Machine Learning},
	pages={2280--2289},
	year={2019}
}


@article{ilyas2019adversarial,
	title={Adversarial examples are not bugs, they are features},
	author={Ilyas, Andrew and Santurkar, Shibani and Tsipras, Dimitris and Engstrom, Logan and Tran, Brandon and Madry, Aleksander},
	journal={arXiv preprint arXiv:1905.02175},
	year={2019}
}

%%%%%%%%%%%%%%%%%%%%%%%%%%%%%%%%%%%%%%%%%%%%%%%%%%%%%%
% COUNTERMEASURES %
%%%%%%%%%%%%%%%%%%%%%%%%%%%%%%%%%%%%%%%%%%%%%%%%%%%%%%

@inproceedings{papernot2016distillation,
	title={Distillation as a defense to adversarial perturbations against deep neural networks},
	author={Papernot, Nicolas and McDaniel, Patrick and Wu, Xi and Jha, Somesh and Swami, Ananthram},
	booktitle={Symposium on Security and Privacy (SP)},
	pages={582--597},
	year={2016},
	organization={IEEE}
}

%%% Adversarial training %%%
@inproceedings{carlini2017towards,
	title={Towards evaluating the robustness of neural networks},
	author={Carlini, Nicholas and Wagner, David},
	booktitle={Symposium on Security and Privacy (SP)},
	pages={39--57},
	year={2017},
	organization={IEEE}
}

%%% stochastic optimisation used in carlini-wagner %%%
@article{kingma2017adam,
	title={Adam: A Method for Stochastic Optimization}, 
	author={Diederik P. Kingma and Jimmy Ba},
	journal={arXiv preprint arXiv:1412.6980},
	year={2017}
}

%%% Brendel-Bethge-Attack %%%
@article{brendel2019accurate,
	title={Accurate, reliable and fast robustness evaluation}, 
	author={Wieland Brendel and Jonas Rauber and Matthias KÃ¼mmerer and Ivan Ustyuzhaninov and Matthias Bethge},
	journal={arXiv preprint arXiv:1907.01003},
	year={2019},
}

@article{carlini2019evaluating,
	title={On evaluating adversarial robustness},
	author={Carlini, Nicholas and Athalye, Anish and Papernot, Nicolas and Brendel, Wieland and Rauber, Jonas and Tsipras, Dimitris and Goodfellow, Ian and Madry, Aleksander and Kurakin, Alexey},
	journal={arXiv preprint arXiv:1902.06705},
	year={2019}
}

@article{biggio2018wild,
	title={Wild patterns: Ten years after the rise of adversarial machine learning},
	author={Biggio, Battista and Roli, Fabio},
	journal={Pattern Recognition},
	volume={84},
	pages={317--331},
	year={2018},
	publisher={Elsevier}
}

@inproceedings{zhang2019defense,
	title={Defense against adversarial attacks using feature scattering-based adversarial training},
	author={Zhang, Haichao and Wang, Jianyu},
	booktitle={Advances in Neural Information Processing Systems},
	pages={1831--1841},
	year={2019}
}

@inproceedings{zhang2019you,
	title={You only propagate once: Accelerating adversarial training via maximal principle},
	author={Zhang, Dinghuai and Zhang, Tianyuan and Lu, Yiping and Zhu, Zhanxing and Dong, Bin},
	booktitle={Advances in Neural Information Processing Systems},
	pages={227--238},
	year={2019}
}

@article{xie2020smooth,
	title={Smooth adversarial training},
	author={Xie, Cihang and Tan, Mingxing and Gong, Boqing and Yuille, Alan and Le, Quoc V},
	journal={arXiv preprint arXiv:2006.14536},
	year={2020}
}

%%%%%%%%%%%%%%%%%%%%%%%%%%%%%%%%%%%%%%%%%%%%%%%%%%%%%%
% COUNTERATTACKS %
%%%%%%%%%%%%%%%%%%%%%%%%%%%%%%%%%%%%%%%%%%%%%%%%%%%%%%

@inproceedings{carlini2017adversarial,
	title={Adversarial examples are not easily detected: Bypassing ten detection methods},
	author={Carlini, Nicholas and Wagner, David},
	booktitle={Proceedings of the 10th ACM Workshop on Artificial Intelligence and Security},
	pages={3--14},
	year={2017},
	organization={ACM}
}

@inproceedings{athalye2018obfuscated,
	title={Obfuscated Gradients Give a False Sense of Security: Circumventing Defenses to Adversarial Examples},
	author={Athalye, Anish and Carlini, Nicholas and Wagner, David},
	booktitle={International Conference on Machine Learning},
	pages={274--283},
	year={2018}
}

@article{tramer2020adaptive,
	title={On adaptive attacks to adversarial example defenses},
	author={Tramer, Florian and Carlini, Nicholas and Brendel, Wieland and Madry, Aleksander},
	journal={arXiv preprint arXiv:2002.08347},
	year={2020}
}

%%%%%%%%%%%%%%%%%%%%%%%%%%%%%%%%%%%%%%%%%%%%%%%%%%%%%%
% CONVOLUTIONAL NEURAL NETWORKS %
%%%%%%%%%%%%%%%%%%%%%%%%%%%%%%%%%%%%%%%%%%%%%%%%%%%%%%

@incollection{lecun1999object,
	title={Object recognition with gradient-based learning},
	author={LeCun, Yann and Haffner, Patrick and Bottou, L{\'e}on and Bengio, Yoshua},
	booktitle={Shape, contour and grouping in computer vision},
	pages={319--345},
	year={1999},
	publisher={Springer}
}

@inproceedings{krizhevsky2012imagenet,
	title={Imagenet classification with deep convolutional neural networks},
	author={Krizhevsky, Alex and Sutskever, Ilya and Hinton, Geoffrey E},
	booktitle={Advances in Neural Information Processing Systems},
	pages={1097--1105},
	year={2012}
}

@inproceedings{glorot2010understanding,
	title={Understanding the difficulty of training deep feedforward neural networks},
	author={Glorot, Xavier and Bengio, Yoshua},
	booktitle={Proceedings of the thirteenth international conference on artificial intelligence and statistics},
	pages={249--256},
	year={2010}
}

@article{liu2019variance,
	title={On the variance of the adaptive learning rate and beyond},
	author={Liu, Liyuan and Jiang, Haoming and He, Pengcheng and Chen, Weizhu and Liu, Xiaodong and Gao, Jianfeng and Han, Jiawei},
	journal={arXiv preprint arXiv:1908.03265},
	year={2019}
}

@inproceedings{maas2013rectifier,
	title={Rectifier nonlinearities improve neural network acoustic models},
	author={Maas, Andrew L and Hannun, Awni Y and Ng, Andrew Y},
	booktitle={Proc. icml},
	volume={30},
	number={1},
	pages={3},
	year={2013},
	organization={Citeseer}
}

@inproceedings{nagi2011max,
	title={Max-pooling convolutional neural networks for vision-based hand gesture recognition},
	author={Nagi, Jawad and Ducatelle, Frederick and Di Caro, Gianni A and Cire{\c{s}}an, Dan and Meier, Ueli and Giusti, Alessandro and Nagi, Farrukh and Schmidhuber, J{\"u}rgen and Gambardella, Luca Maria},
	booktitle={2011 IEEE International Conference on Signal and Image Processing Applications (ICSIPA)},
	pages={342--347},
	year={2011},
	organization={IEEE}
}



%%%%%%%%%%%%%%%%%%%%%%%%%%%%%%%%%%%%%%%%%%%%%%%%%%%%%%
% RESNET %
%%%%%%%%%%%%%%%%%%%%%%%%%%%%%%%%%%%%%%%%%%%%%%%%%%%%%%

@inproceedings{he2016identity,
	title={Identity mappings in deep residual networks},
	author={He, Kaiming and Zhang, Xiangyu and Ren, Shaoqing and Sun, Jian},
	booktitle={European Conference on Computer Vision},
	pages={630--645},
	year={2016},
	organization={Springer}
}

@inproceedings{he2016deep,
	title={Deep residual learning for image recognition},
	author={He, Kaiming and Zhang, Xiangyu and Ren, Shaoqing and Sun, Jian},
	booktitle={Conference on Computer Vision and Pattern Recognition},
	pages={770--778},
	year={2016},
	organization={IEEE}
}

@article{zagoruyko2016wide,
	title={Wide residual networks},
	author={Zagoruyko, Sergey and Komodakis, Nikos},
	journal={arXiv preprint arXiv:1605.07146},
	year={2016}
}

@article{howard2017mobilenets,
	title={Mobilenets: Efficient convolutional neural networks for mobile vision applications},
	author={Howard, Andrew G and Zhu, Menglong and Chen, Bo and Kalenichenko, Dmitry and Wang, Weijun and Weyand, Tobias and Andreetto, Marco and Adam, Hartwig},
	journal={arXiv preprint arXiv:1704.04861},
	year={2017}
}


%%%%%%%%%%%%%%%%%%%%%%%%%%%%%%%%%%%%%%%%%%%%%%%%%%%%%%
% PYTHON %
%%%%%%%%%%%%%%%%%%%%%%%%%%%%%%%%%%%%%%%%%%%%%%%%%%%%%%


@book{van1995python, 
	  title={Python tutorial}, 
	  author={Van Rossum, Guido and Drake Jr, Fred L}, 
	  year={1995}, 
	  publisher={Centrum voor Wiskunde en Informatica Amsterdam} 
}

@incollection{pytorch,
	title = {PyTorch: An Imperative Style, High-Performance Deep Learning Library},
	author = {Paszke, Adam and Gross, Sam and Massa, Francisco and Lerer, Adam and Bradbury, James and Chanan, Gregory and Killeen, Trevor and Lin, Zeming and Gimelshein, Natalia and Antiga, Luca and Desmaison, Alban and Kopf, Andreas and Yang, Edward and DeVito, Zachary and Raison, Martin and Tejani, Alykhan and Chilamkurthy, Sasank and Steiner, Benoit and Fang, Lu and Bai, Junjie and Chintala, Soumith},
	booktitle = {Advances in Neural Information Processing Systems 32},
	year = {2019},
	publisher = {Curran Associates, Inc.},
}

@article{rauber2017foolbox,
  title={Foolbox: A python toolbox to benchmark the robustness of machine learning models},
  author={Rauber, Jonas and Brendel, Wieland and Bethge, Matthias},
  journal={arXiv preprint arXiv:1707.04131},
  year={2017}
}


%%%%%%%%%%%%%%%%%%%%%%%%%%%%%%%%%%%%%%%%%%%%%%%%%%%%%%
% OTHER %
%%%%%%%%%%%%%%%%%%%%%%%%%%%%%%%%%%%%%%%%%%%%%%%%%%%%%%

@article{kingma2014adam,
	title={Adam: A method for stochastic optimization},
	author={Kingma, Diederik P and Ba, Jimmy},
	journal={arXiv preprint arXiv:1412.6980},
	year={2014}
}

@article{rice2020overfitting,
	title={Overfitting in adversarially robust deep learning},
	author={Rice, Leslie and Wong, Eric and Kolter, J Zico},
	journal={arXiv preprint arXiv:2002.11569},
	year={2020}
}

@article{zhou2020universality,
	title={Universality of deep convolutional neural networks},
	author={Zhou, Ding-Xuan},
	journal={Applied and computational harmonic analysis},
	volume={48},
	number={2},
	pages={787--794},
	year={2020},
	publisher={Elsevier}
}

@inproceedings{nair2010rectified,
	title={Rectified linear units improve restricted boltzmann machines},
	author={Nair, Vinod and Hinton, Geoffrey E},
	booktitle={Icml},
	year={2010}
}

%%%%%%%%%%%%%%%%%%%%%%%%%%%%%%%%%%%%%%%%%%%%%%%%%%%%%%
% ADVERSARIAL LEARNING IN THE ANCIENT TIMES %
%%%%%%%%%%%%%%%%%%%%%%%%%%%%%%%%%%%%%%%%%%%%%%%%%%%%%%

% First time ? adversarial attacks were on classifiers were discussed
@inproceedings{lowd2005adversarial,
	title={Adversarial learning},
	author={Lowd, Daniel and Meek, Christopher},
	booktitle={Proceedings of the Eleventh ACM SIGKDD International Conference on Knowledge Discovery in Data Mining},
	pages={641--647},
	year={2005}
}

% First time ? security in the context of ML is discussed
@inproceedings{barreno2006can,
	title={Can machine learning be secure?},
	author={Barreno, Marco and Nelson, Blaine and Sears, Russell and Joseph, Anthony D and Tygar, J Doug},
	booktitle={Proceedings of the 2006 ACM Symposium on Information, computer and communications security},
	pages={16--25},
	year={2006}
}

@inproceedings{huang2011adversarial,
	title={Adversarial machine learning},
	author={Huang, Ling and Joseph, Anthony D and Nelson, Blaine and Rubinstein, Benjamin IP and Tygar, J Doug},
	booktitle={Proceedings of the 4th ACM workshop on Security and artificial intelligence},
	pages={43--58},
	year={2011}
}

%%Flo
@article{feinman2017detecting,
  title={Detecting adversarial samples from artifacts},
  author={Feinman, Reuben and Curtin, Ryan R and Shintre, Saurabh and Gardner, Andrew B},
  journal={arXiv preprint arXiv:1703.00410},
  year={2017}
}

@inproceedings{cohen2019certified,
  title={Certified adversarial robustness via randomized smoothing},
  author={Cohen, Jeremy and Rosenfeld, Elan and Kolter, Zico},
  booktitle={International Conference on Machine Learning},
  pages={1310--1320},
  year={2019},
  organization={PMLR}
}

@article{leyton2008essentials,
  title={Essentials of game theory: A concise multidisciplinary introduction},
  author={Leyton-Brown, Kevin and Shoham, Yoav},
  journal={Synthesis lectures on artificial intelligence and machine learning},
  volume={2},
  number={1},
  pages={1--88},
  year={2008},
  publisher={Morgan \& Claypool Publishers}
}

@inproceedings{grossklags2008secure,
  title={Secure or insure? A game-theoretic analysis of information security games},
  author={Grossklags, Jens and Christin, Nicolas and Chuang, John},
  booktitle={Proceedings of the 17th international conference on World Wide Web},
  pages={209--218},
  year={2008}
}

@inproceedings{anderson2001information,
  title={Why information security is hard -- an economic perspective},
  author={Anderson, Ross},
  booktitle={Seventeenth Annual Computer Security Applications Conference},
  pages={358--365},
  year={2001},
  organization={IEEE}
}

@article{moore2009economics,
  title={The economics of online crime},
  author={Moore, Tyler and Clayton, Richard and Anderson, Ross},
  journal={Journal of Economic Perspectives},
  volume={23},
  number={3},
  pages={3--20},
  year={2009}
}

@inproceedings{durkota2015optimal,
  title={Optimal network security hardening using attack graph games},
  author={Durkota, Karel and Lisy, Viliam and Bo{\v{s}}ansky, Branislav and Kiekintveld, Christopher},
  booktitle={Proceedings of IJCAI},
  pages={7--14},
  year={2015}
}

@inproceedings{franklin2007inquiry,
  title={An inquiry into the nature and causes of the wealth of internet miscreants.},
  author={Franklin, Jason and Perrig, Adrian and Paxson, Vern and Savage, Stefan},
  booktitle={ACM conference on Computer and Communications Security},
  volume={10},
  pages={1315245--1315292},
  year={2007}
}

@article{anderson2006economics,
  title={The economics of information security},
  author={Anderson, Ross and Moore, Tyler},
  journal={science},
  volume={314},
  number={5799},
  pages={610--613},
  year={2006},
  publisher={American Association for the Advancement of Science}
}

@inproceedings{cardenas2006framework,
  title={A framework for the evaluation of intrusion detection systems},
  author={C{\'a}rdenas, Alvaro A and Baras, John S and Seamon, Karl},
  booktitle={Symposium on Security and Privacy (SP)},
  pages={15--pp},
  year={2006},
  organization={IEEE}
}

@inproceedings{dalvi2004adversarial,
  title={Adversarial Classification},
  author={Dalvi, Nilesh and Domingos, Pedro and Sanghai, Sumit and Verma, Deepak},
  booktitle={Proceedings of the tenth ACM SIGKDD International Conference on Knowledge Discovery and Data Mining},
  pages={99--108},
  year={2004}
}

@article{Kerckhoffs1883,
	Author = {Kerckhoffs, Auguste},
	Journal = {Journal des sciences militaires},
	Number = {1},
	Pages = {5--38},
	Publisher = {Journal des sciences militaires, Vol. IX, pp. 5-38},
	Title = {La cryptographie militaire},
	Volume = {IX},
	Year = {1883}}


%%%%%%%%%%%%%%%%%%%%%%%%%%%%%%%%%%%%%%%%%%%%%%%%%%%%%%
% COUNTERMEASURES WITHOUT MISSING DATA %
%%%%%%%%%%%%%%%%%%%%%%%%%%%%%%%%%%%%%%%%%%%%%%%%%%%%%%

% Missing comparison to unpruned network. In Proceedings of NeurIPS 2020. Not many citations
@article{sehwag2020pruning,
	title={On pruning adversarially robust neural networks},
	author={Sehwag, Vikash and Wang, Shiqi and Mittal, Prateek and Jana, Suman},
	journal={arXiv preprint arXiv:2002.10509},
	year={2020}
}

% wong2020fast <- This is the citation key. Fast adversarial training, 117 Citations
% Missing comparison to undefended network.

% Missing data on undefended network. Does not report result of undefended network. ICML2019, 413 citations.
@inproceedings{zhang2019theoretically,
	title={Theoretically principled trade-off between robustness and accuracy},
	author={Zhang, Hongyang and Yu, Yaodong and Jiao, Jiantao and Xing, Eric and El Ghaoui, Laurent and Jordan, Michael},
	booktitle={International Conference on Machine Learning},
	pages={7472--7482},
	year={2019},
	organization={PMLR}
}

% They deal with certified robustness! Shows no data for undefended network. 
%This could probably be looked up in another paper though, but there is also no table 'Certified Adversarial Robustness via Randomized Smoothing' (125 Citations, Part of NeurIPS 2019)
@article{salman2019provably,
	title={Provably robust deep learning via adversarially trained smoothed classifiers},
	author={Salman, Hadi and Yang, Greg and Li, Jerry and Zhang, Pengchuan and Zhang, Huan and Razenshteyn, Ilya and Bubeck, Sebastien},
	journal={arXiv preprint arXiv:1906.04584},
	year={2019}
}

% ICLR 2020 converence paper, 43 citations. No data for undefended network
@inproceedings{wang2019improving, 
	title={Improving adversarial robustness requires revisiting misclassified examples},
	author={Wang, Yisen and Zou, Difan and Yi, Jinfeng and Bailey, James and Ma, Xingjun and Gu, Quanquan},
	booktitle={International Conference on Learning Representations},
	year={2019}
}


%%%%%%%%%%%%%%%%%%%%%%%%%%%%%%%%%%%%%%%%%%%%%%%%%%%%%%
% URLs %
%%%%%%%%%%%%%%%%%%%%%%%%%%%%%%%%%%%%%%%%%%%%%%%%%%%%%%



%%%%%%%%%%%%%%%%%%%%%%%%%%%%%%%%%%%%%%%%%%%%%%%%%%%%%%
% DATASETS %
%%%%%%%%%%%%%%%%%%%%%%%%%%%%%%%%%%%%%%%%%%%%%%%%%%%%%%

@mastersthesis{krizhevsky2009learning,
	author = {Alex Krizhevsky},
	title  = {Learning multiple layers of features from tiny images},
	school = {Univ.~of Toronto},
	year   = {2009}
}

@inproceedings{deng2009imagenet,
	title={Imagenet: A large-scale hierarchical image database},
	author={Deng, Jia and Dong, Wei and Socher, Richard and Li, Li-Jia and Li, Kai and Fei-Fei, Li},
	booktitle={Computer Vision and Pattern Recognition},
	pages={248--255},
	year={2009},
	organization={IEEE}
}

@article{deng2012mnist,
	title={The mnist database of handwritten digit images for machine learning research [best of the web]},
	author={Deng, Li},
	journal={Signal Processing Magazine},
	volume={29},
	number={6},
	pages={141--142},
	year={2012},
	publisher={IEEE}
}

@article{xiao2017fashion,
	title={Fashion-mnist: a novel image dataset for benchmarking machine learning algorithms},
	author={Xiao, Han and Rasul, Kashif and Vollgraf, Roland},
	journal={arXiv preprint arXiv:1708.07747},
	year={2017}
}

